@online{vakil,
	title = {A Beginnerâ€™s Guide to Jet Bundles from the Point of View of
	Algebraic Geometry},
	author = {Vakil, Ravi},
  url = {https://math.stanford.edu/~vakil/files/jets.pdf},
	langid = {english},
	keywords = {manuscript},
}

@online{mehtasesh,
	title = {Moduli of Vector Bundles on Curves with Parabolic Structures},
	author = {Mehta, V. B. and Seshadri, C. S.},
  url = {https://link.springer.com/article/10.1007/BF01420526},
	langid = {english},
	keywords = {manuscript},
}


@online{hitch,
	title = {Stable Bundles and Integrable Systems},
	author = {Hitchin, Nigel},
  	url = {https://math.mit.edu/events/talbot/2011/library/hitchin_stable_bundles_integrable_systems.pdf},
	langid = {english},
	keywords = {manuscript},
}

@online{hitch2,
	title = {The Self-Duality Equations on a Riemann Surface},
	author = {Hitchin, Nigel},
  	url = {https://londmathsoc.onlinelibrary.wiley.com/doi/epdf/10.1112/plms/s3-55.1.59},
	langid = {english},
	keywords = {manuscript},
}

@online{logmar,
	title = {Moduli of Parabolic Higgs Bundles and Atiyah Algebroids},
	author = {Logares, Marina and Martens, Johan},
  	url = {https://arxiv.org/pdf/0811.0817},
	langid = {english},
	keywords = {manuscript},
}

@online{ns,
	title = {Stable and Unitary Vector Bundles on a Compact Riemann Surface},
	author = {Narasimhan, M. S. and Seshadri, C. S.},
  	url = {https://www.jstor.org/stable/1970710},
	langid = {english},
	keywords = {manuscript},
}

@online{pr,
	title = {Some Questions About $\mathcal{G}$-bundles on Curves},
	author = {Pappas, G. and Rapoport, M.},
  	url = {https://arxiv.org/abs/0808.3743v2},
	langid = {english},
	keywords = {manuscript},
}

@online{eom,
	title = {Fuchsian group},
	author = {Encyclopedia of Mathematics},
  	url = {https://encyclopediaofmath.org/wiki/Fuchsian_group},
	langid = {english},
	keywords = {manuscript},
}

@online{dacm,
	title = {Differential Analysis on Complex Manifolds},
	author = {Wells, Raymond and Garcia-Prada, Oscar},
	year = {2008},
	publisher = {Springer},
  	url = {https://link.springer.com/book/10.1007/978-0-387-73892-5},
	langid = {english},
	keywords = {book},
}